@inproceedings{rafferty2011faster,
  title={Faster teaching by POMDP planning},
  author={Rafferty, Anna N and Brunskill, Emma and Griffiths, Thomas L and Shafto, Patrick},
  booktitle={International Conference on Artificial Intelligence in Education},
  pages={280--287},
  year={2011},
  organization={Springer}
}
@article{rafferty2016faster,
  title={Faster teaching via pomdp planning},
  author={Rafferty, Anna N and Brunskill, Emma and Griffiths, Thomas L and Shafto, Patrick},
  journal={Cognitive science},
  volume={40},
  number={6},
  pages={1290--1332},
  year={2016},
  publisher={Wiley Online Library}
}
@INPROCEEDINGS{rossPomdp2008,  
    author={S. {Ross} and B. {Chaib-draa} and J. {Pineau}},  
    booktitle={2008 IEEE International Conference on Robotics and Automation},  
    title={Bayesian reinforcement learning in continuous POMDPs with application to robot navigation},   
    year={2008},  
    volume={},  
    number={},  
    pages={2845-2851},
}
@article{feldman2003simplicity,
  title={The simplicity principle in human concept learning},
  author={Feldman, Jacob},
  journal={Current directions in psychological science},
  volume={12},
  number={6},
  pages={227--232},
  year={2003},
  publisher={SAGE Publications Sage CA: Los Angeles, CA}
}

@article{restle1962selection,
  title={The selection of strategies in cue learning.},
  author={Restle, Frank},
  journal={Psychological Review},
  volume={69},
  number={4},
  pages={329},
  year={1962},
  publisher={American Psychological Association}
}
@inproceedings{tenenbaum2000rules,
  title={Rules and similarity in concept learning},
  author={Tenenbaum, Joshua B},
  booktitle={Advances in neural information processing systems},
  pages={59--65},
  year={2000}
}

@Book{ DoucetSeqMCM2001,
author = { Doucet, Arnaud. and De Freitas, Nando. and Gordon, Neil },
title = { Sequential Monte Carlo methods in practice },
isbn = { 0387951466 },
publisher = { Springer },
year = { 2001 },
type = { Book },
language = { English },
subjects = { Monte Carlo method. },
life-dates = { 2001 -  },
catalogue-url = { https://nla.gov.au/nla.cat-vn2331973 },
}
